% This file was created with JabRef 2.10.
% Encoding: ISO8859_1


@InProceedings{AlcarazMaestre:2012vp,
  Title                    = {{The SM and NLO Multileg and SM MC Working Groups:
 Summary Report}},
  Author                   = {Alcaraz Maestre, J. and others},
  Booktitle                = {{Proceedings, 7th Les Houches Workshop on Physics at TeV
 Colliders}},
  Year                     = {2012},
  Pages                    = {1-220},

  Archiveprefix            = {arXiv},
  Collaboration            = {SM MC Working Group, SM and NLO MULTILEG Working Group},
  Eprint                   = {1203.6803},
  Primaryclass             = {hep-ph},
  Reportnumber             = {FERMILAB-PUB-12-885-CD},
  Slaccitation             = {%%CITATION = ARXIV:1203.6803;%%},
  Url                      = {http://inspirehep.net/record/1095506/files/arXiv:1203.6803.pdf}
}

@Article{Alloul:2013bka,
  Title                    = {{FeynRules 2.0 - A complete toolbox for tree-level
 phenomenology}},
  Author                   = {Alloul, Adam and Christensen, Neil D. and Degrande,
 Céline and Duhr, Claude and Fuks, Benjamin},
  Journal                  = {Comput. Phys. Commun.},
  Year                     = {2014},
  Pages                    = {2250-2300},
  Volume                   = {185},

  Archiveprefix            = {arXiv},
  Doi                      = {10.1016/j.cpc.2014.04.012},
  Eprint                   = {1310.1921},
  Primaryclass             = {hep-ph},
  Reportnumber             = {CERN-PH-TH-2013-239, MCNET-13-14, IPPP-13-71,
 DCPT-13-142, --PITT-PACC-1308},
  Slaccitation             = {%%CITATION = ARXIV:1310.1921;%%}
}

@Article{Alwall:2014hca,
  Title                    = {{The automated computation of tree-level and
 next-to-leading order differential cross sections, and
 their matching to parton shower simulations}},
  Author                   = {Alwall, J. and Frederix, R. and Frixione, S. and Hirschi,
 V. and Maltoni, F. and Mattelaer, O. and Shao, H. -S. and
 Stelzer, T. and Torrielli, P. and Zaro, M.},
  Journal                  = {JHEP},
  Year                     = {2014},
  Pages                    = {079},
  Volume                   = {07},

  Archiveprefix            = {arXiv},
  Doi                      = {10.1007/JHEP07(2014)079},
  Eprint                   = {1405.0301},
  Primaryclass             = {hep-ph},
  Reportnumber             = {CERN-PH-TH-2014-064, CP3-14-18, LPN14-066, MCNET-14-09,
 ZU-TH-14-14},
  Slaccitation             = {%%CITATION = ARXIV:1405.0301;%%}
}

@Article{Alwall:2011uj,
  Title                    = {{MadGraph 5 : Going Beyond}},
  Author                   = {Alwall, Johan and Herquet, Michel and Maltoni, Fabio and
 Mattelaer, Olivier and Stelzer, Tim},
  Journal                  = {JHEP},
  Year                     = {2011},
  Pages                    = {128},
  Volume                   = {1106},

  Archiveprefix            = {arXiv},
  Doi                      = {10.1007/JHEP06(2011)128},
  Eprint                   = {1106.0522},
  Primaryclass             = {hep-ph},
  Reportnumber             = {FERMILAB-PUB-11-448-T},
  Slaccitation             = {%%CITATION = ARXIV:1106.0522;%%}
}

@Misc{Bellm:thesis,
  Title                    = {{Higher order corrections to multi jet final states at colliders}},

  Author                   = {Bellm, Johannes},
  Note                     = {{PhD Thesis, Karlsruhe Institute of Technology}},
  Year                     = {2015}
}

@Article{Bellm:2015jjp,
  Title                    = {{Herwig 7.0 / Herwig++ 3.0 Release Note}},
  Author                   = {Bellm, Johannes and others},
  Year                     = {2015},

  Archiveprefix            = {arXiv},
  Eprint                   = {1512.01178},
  Primaryclass             = {hep-ph},
  Reportnumber             = {CERN-PH-TH-2015-289, MAN-HEP-2015-15, IFJPAN-IV-2015-13,
 HERWIG-2015-01, KA-TP-18-2015, DCPT-15-142, MCNET-15-28,
 IPPP-15-71},
  Slaccitation             = {%%CITATION = ARXIV:1512.01178;%%}
}

@Misc{Bellm:2016xxx,
  Title                    = {{Mutli-jet merging with the Herwig 7 dipole shower}},

  Author                   = {Bellm, Johannes and Pl{\"a}tzer, Simon and Gieseke, Stefan},
  Note                     = {{in preparation}},
  Year                     = {2016}
}

@Article{Bozzi:2005wk,
  Title                    = {{Transverse-momentum resummation and the spectrum of the
 Higgs boson at the LHC}},
  Author                   = {Bozzi, Giuseppe and Catani, Stefano and de Florian,
 Daniel and Grazzini, Massimiliano},
  Journal                  = {Nucl. Phys.},
  Year                     = {2006},
  Pages                    = {73-120},
  Volume                   = {B737},

  Archiveprefix            = {arXiv},
  Doi                      = {10.1016/j.nuclphysb.2005.12.022},
  Eprint                   = {hep-ph/0508068},
  Primaryclass             = {hep-ph},
  Slaccitation             = {%%CITATION = HEP-PH/0508068;%%}
}

@Article{Cascioli:2011va,
  Title                    = {{Scattering Amplitudes with Open Loops}},
  Author                   = {Cascioli, Fabio and Maierhofer, Philipp and Pozzorini,
 Stefano},
  Journal                  = {Phys. Rev. Lett.},
  Year                     = {2012},
  Pages                    = {111601},
  Volume                   = {108},

  Archiveprefix            = {arXiv},
  Doi                      = {10.1103/PhysRevLett.108.111601},
  Eprint                   = {1111.5206},
  Primaryclass             = {hep-ph},
  Reportnumber             = {ZU-TH-23-11, LPN11-66},
  Slaccitation             = {%%CITATION = ARXIV:1111.5206;%%}
}

@Article{Catani:2000vq,
  Title                    = {{Universality of nonleading logarithmic contributions in
 transverse momentum distributions}},
  Author                   = {Catani, Stefano and de Florian, Daniel and Grazzini,
 Massimiliano},
  Journal                  = {Nucl. Phys.},
  Year                     = {2001},
  Pages                    = {299-312},
  Volume                   = {B596},

  Archiveprefix            = {arXiv},
  Doi                      = {10.1016/S0550-3213(00)00617-9},
  Eprint                   = {hep-ph/0008184},
  Primaryclass             = {hep-ph},
  Reportnumber             = {CERN-TH-2000-244},
  Slaccitation             = {%%CITATION = HEP-PH/0008184;%%}
}

@Article{Demartin:2014fia,
  Title                    = {{Higgs characterisation at NLO in QCD: CP properties of
 the top-quark Yukawa interaction}},
  Author                   = {Demartin, Federico and Maltoni, Fabio and Mawatari,
 Kentarou and Page, Ben and Zaro, Marco},
  Journal                  = {Eur. Phys. J.},
  Year                     = {2014},
  Number                   = {9},
  Pages                    = {3065},
  Volume                   = {C74},

  Archiveprefix            = {arXiv},
  Doi                      = {10.1140/epjc/s10052-014-3065-2},
  Eprint                   = {1407.5089},
  Primaryclass             = {hep-ph},
  Reportnumber             = {CP3-14-59, LPN14-096, MCNET-14-21},
  Slaccitation             = {%%CITATION = ARXIV:1407.5089;%%}
}

@Article{deFlorian:2011xf,
  Title                    = {{Transverse-momentum resummation: Higgs boson production
 at the Tevatron and the LHC}},
  Author                   = {de Florian, Daniel and Ferrera, Giancarlo and Grazzini,
 Massimiliano and Tommasini, Damiano},
  Journal                  = {JHEP},
  Year                     = {2011},
  Pages                    = {064},
  Volume                   = {11},

  Archiveprefix            = {arXiv},
  Doi                      = {10.1007/JHEP11(2011)064},
  Eprint                   = {1109.2109},
  Primaryclass             = {hep-ph},
  Reportnumber             = {ZU-TH-17-11},
  Slaccitation             = {%%CITATION = ARXIV:1109.2109;%%}
}

@Article{Frederix:2012ps,
  Title                    = {{Merging meets matching in MC@NLO}},
  Author                   = {Frederix, Rikkert and Frixione, Stefano},
  Journal                  = {JHEP},
  Year                     = {2012},
  Pages                    = {061},
  Volume                   = {12},

  Archiveprefix            = {arXiv},
  Doi                      = {10.1007/JHEP12(2012)061},
  Eprint                   = {1209.6215},
  Primaryclass             = {hep-ph},
  Reportnumber             = {CERN-PH-TH-2012-247, ZU-TH-21-12},
  Slaccitation             = {%%CITATION = ARXIV:1209.6215;%%}
}

@Article{Frederix:2011ss,
  Title                    = {{Four-lepton production at hadron colliders: aMC@NLO
 predictions with theoretical uncertainties}},
  Author                   = {Frederix, Rikkert and Frixione, Stefano and Hirschi,
 Valentin and Maltoni, Fabio and Pittau, Roberto and
 Torrielli, Paolo},
  Journal                  = {JHEP},
  Year                     = {2012},
  Pages                    = {099},
  Volume                   = {02},

  Archiveprefix            = {arXiv},
  Doi                      = {10.1007/JHEP02(2012)099},
  Eprint                   = {1110.4738},
  Primaryclass             = {hep-ph},
  Reportnumber             = {CERN-PH-TH-2011-250, CP3-11-32, ZU-TH-19-11,
 NSF-KITP-11-115},
  Slaccitation             = {%%CITATION = ARXIV:1110.4738;%%}
}

@Article{Frederix:2015eii,
  Title                    = {{A study of multi-jet production in association with an
 electroweak vector boson}},
  Author                   = {Frederix, Rikkert and Frixione, Stefano and
 Papaefstathiou, Andreas and Prestel, Stefan and Torrielli,
 Paolo},
  Year                     = {2015},

  Archiveprefix            = {arXiv},
  Eprint                   = {1511.00847},
  Primaryclass             = {hep-ph},
  Reportnumber             = {CERN-PH-TH-2015-255, SLAC-PUB-16421, TUM-HEP-1025-15,
 MCNET-15-22},
  Slaccitation             = {%%CITATION = ARXIV:1511.00847;%%}
}

@Article{Lonnblad:2012ix,
  Title                    = {{Merging Multi-leg NLO Matrix Elements with Parton
 Showers}},
  Author                   = {L{\"o}nnblad, Leif and Prestel, Stefan},
  Journal                  = {JHEP},
  Year                     = {2013},
  Pages                    = {166},
  Volume                   = {03},

  Archiveprefix            = {arXiv},
  Doi                      = {10.1007/JHEP03(2013)166},
  Eprint                   = {1211.7278},
  Primaryclass             = {hep-ph},
  Reportnumber             = {MCNET-12-17, LU-TP-12-43},
  Slaccitation             = {%%CITATION = ARXIV:1211.7278;%%}
}

@Article{Platzer:2012bs,
  Title                    = {{Controlling inclusive cross sections in parton shower +
 matrix element merging}},
  Author                   = {Pl{\"a}tzer, Simon},
  Journal                  = {JHEP},
  Year                     = {2013},
  Pages                    = {114},
  Volume                   = {08},

  Archiveprefix            = {arXiv},
  Doi                      = {10.1007/JHEP08(2013)114},
  Eprint                   = {1211.5467},
  Primaryclass             = {hep-ph},
  Reportnumber             = {DESY-12-215, MCNET-12-13},
  Slaccitation             = {%%CITATION = ARXIV:1211.5467;%%}
}

@Article{Platzer:2011bc,
  Title                    = {{Dipole Showers and Automated NLO Matching in Herwig++}},
  Author                   = {Pl{\"a}tzer, Simon and Gieseke, Stefan},
  Journal                  = {Eur. Phys. J.},
  Year                     = {2012},
  Pages                    = {2187},
  Volume                   = {C72},

  Archiveprefix            = {arXiv},
  Doi                      = {10.1140/epjc/s10052-012-2187-7},
  Eprint                   = {1109.6256},
  Primaryclass             = {hep-ph},
  Reportnumber             = {DESY-11-162, KA-TP-24-2011, HERWIG-11-01, MCNET-11-24},
  Slaccitation             = {%%CITATION = ARXIV:1109.6256;%%}
}

@Article{Platzer:2009jq,
  Title                    = {{Coherent Parton Showers with Local Recoils}},
  Author                   = {Pl{\"a}tzer, Simon and Gieseke, Stefan},
  Journal                  = {JHEP},
  Year                     = {2011},
  Pages                    = {024},
  Volume                   = {01},

  Archiveprefix            = {arXiv},
  Doi                      = {10.1007/JHEP01(2011)024},
  Eprint                   = {0909.5593},
  Primaryclass             = {hep-ph},
  Reportnumber             = {HERWIG-09-06, KA-TP-15-2009, MCNET-09-15},
  Slaccitation             = {%%CITATION = ARXIV:0909.5593;%%}
}

@Article{Sjodahl:2014opa,
  Title                    = {{ColorFull -- a C++ library for calculations in SU(Nc)
 color space}},
  Author                   = {Sj{\"o}dahl, Malin},
  Journal                  = {Eur. Phys. J.},
  Year                     = {2015},
  Pages                    = {236},
  Volume                   = {C75},

  Archiveprefix            = {arXiv},
  Doi                      = {10.1140/epjc/s10052-015-3417-6},
  Eprint                   = {1412.3967},
  Primaryclass             = {hep-ph},
  Reportnumber             = {LU-TP-14-43, MCNET-14-26},
  Slaccitation             = {%%CITATION = ARXIV:1412.3967;%%}
}

@Article{Sjostrand:2014zea,
  Title                    = {{An Introduction to PYTHIA 8.2}},
  Author                   = {Sjöstrand, Torbjörn and Ask, Stefan and Christiansen,
 Jesper R. and Corke, Richard and Desai, Nishita and Ilten,
 Philip and Mrenna, Stephen and Prestel, Stefan and
 Rasmussen, Christine O. and Skands, Peter Z.},
  Journal                  = {Comput. Phys. Commun.},
  Year                     = {2015},
  Pages                    = {159-177},
  Volume                   = {191},

  Archiveprefix            = {arXiv},
  Doi                      = {10.1016/j.cpc.2015.01.024},
  Eprint                   = {1410.3012},
  Primaryclass             = {hep-ph},
  Reportnumber             = {LU-TP-14-36, MCNET-14-22, CERN-PH-TH-2014-190,
 FERMILAB-PUB-14-316-CD, DESY-14-178, SLAC-PUB-16122},
  Slaccitation             = {%%CITATION = ARXIV:1410.3012;%%}
}

